<record><leader>00000cas a2200000 a 4500</leader><controlfield tag="001">41016583</controlfield><controlfield tag="008">990322c19999999cauwn ne      0   a0eng c</controlfield><datafield ind1=" " ind2=" " tag="010"><subfield code="a">sn 99004077 </subfield></datafield><datafield ind1=" " ind2=" " tag="040"><subfield code="a">GTX</subfield><subfield code="b">eng</subfield><subfield code="c">GTX</subfield><subfield code="d">SFR</subfield><subfield code="d">NSD</subfield><subfield code="d">NYS</subfield><subfield code="d">OCLCQ</subfield><subfield code="d">OCLCF</subfield><subfield code="d">OCLCO</subfield></datafield><datafield ind1=" " ind2=" " tag="012"><subfield code="m">0</subfield></datafield><datafield ind1="1" ind2=" " tag="022"><subfield code="a">1525-5298</subfield><subfield code="l">1525-5298</subfield><subfield code="2">1</subfield></datafield><datafield ind1="1" ind2=" " tag="029"><subfield code="a">AU@</subfield><subfield code="b">000020226761</subfield></datafield><datafield ind1=" " ind2=" " tag="037"><subfield code="b">441 Church St, San Francisco, CA 94114</subfield><subfield code="c">$10.00 (within the Archdiocese of San Francisco)</subfield><subfield code="c">$22.50 (elsewhere in the US)</subfield></datafield><datafield ind1=" " ind2=" " tag="042"><subfield code="a">nsdp</subfield><subfield code="a">pcc</subfield></datafield><datafield ind1=" " ind2=" " tag="043"><subfield code="a">n-us-ca</subfield></datafield><datafield ind1=" " ind2="0" tag="222"><subfield code="a">Catholic San Francisco</subfield></datafield><datafield ind1="0" ind2="0" tag="245"><subfield code="a">Catholic San Francisco.</subfield></datafield><datafield ind1=" " ind2=" " tag="260"><subfield code="a">South San Francisco, CA :</subfield><subfield code="b">Roman Catholic Archdiocese of San Francisco,</subfield><subfield code="c">1999-</subfield></datafield><datafield ind1=" " ind2=" " tag="300"><subfield code="a">v. :</subfield><subfield code="b">ill. (some col.) ;</subfield><subfield code="c">44 cm.</subfield></datafield><datafield ind1=" " ind2=" " tag="310"><subfield code="a">Weekly (except biweekly, June-Aug.)</subfield></datafield><datafield ind1="0" ind2=" " tag="362"><subfield code="a">Vol. 1, no. 1 (Feb. 12, 1999)-</subfield></datafield><datafield ind1=" " ind2=" " tag="500"><subfield code="a">"Serving San Francisco, Marin and the Peninsula."</subfield></datafield><datafield ind1=" " ind2=" " tag="500"><subfield code="a">"Official newspaper of the Archdiocese of San Francisco."</subfield></datafield><datafield ind1="2" ind2="0" tag="610"><subfield code="a">Catholic Church.</subfield><subfield code="b">Archdiocese of San Francisco (Calif.)</subfield><subfield code="v">Newspapers.</subfield></datafield><datafield ind1=" " ind2="0" tag="650"><subfield code="a">Catholics</subfield><subfield code="z">California</subfield><subfield code="z">San Francisco Bay Area</subfield><subfield code="v">Newspapers.</subfield></datafield><datafield ind1=" " ind2="0" tag="651"><subfield code="a">San Francisco (Calif.)</subfield><subfield code="v">Newspapers.</subfield></datafield><datafield ind1=" " ind2="7" tag="655"><subfield code="a">Newspapers.</subfield><subfield code="2">fast</subfield><subfield code="0">(OCoLC)fst01423814</subfield></datafield><datafield ind1="2" ind2="7" tag="610"><subfield code="a">Catholic Church.</subfield><subfield code="b">Archdiocese of San Francisco (Calif.)</subfield><subfield code="2">fast</subfield><subfield code="0">(OCoLC)fst00583342</subfield></datafield><datafield ind1=" " ind2="7" tag="650"><subfield code="a">Catholics.</subfield><subfield code="2">fast</subfield><subfield code="0">(OCoLC)fst00849297</subfield></datafield><datafield ind1=" " ind2="7" tag="651"><subfield code="a">California</subfield><subfield code="z">San Francisco.</subfield><subfield code="2">fast</subfield><subfield code="0">(OCoLC)fst01204481</subfield></datafield><datafield ind1=" " ind2="7" tag="651"><subfield code="a">California</subfield><subfield code="z">San Francisco Bay Area.</subfield><subfield code="2">fast</subfield><subfield code="0">(OCoLC)fst01242397</subfield></datafield><datafield ind1="2" ind2=" " tag="710"><subfield code="a">Catholic Church.</subfield><subfield code="b">Archdiocese of San Francisco (Calif.)</subfield></datafield><datafield ind1=" " ind2=" " tag="752"><subfield code="a">United States</subfield><subfield code="b">California</subfield><subfield code="c">San Francisco</subfield><subfield code="d">San Francisco.</subfield></datafield><datafield ind1=" " ind2=" " tag="936"><subfield code="a">Vol. 2, no. 15 (Apr. 14, 2000) LIC</subfield></datafield></record>